%YAML 1.1
%TAG !u! tag:unity3d.com,2011:
--- !u!1 &149518
GameObject:
  m_ObjectHideFlags: 0
  m_PrefabParentObject: {fileID: 0}
  m_PrefabInternal: {fileID: 100100000}
  serializedVersion: 4
  m_Component:
  - 4: {fileID: 492754}
  - 114: {fileID: 11489592}
  - 114: {fileID: 11445494}
  m_Layer: 0
  m_Name: Game Controller
  m_TagString: Untagged
  m_Icon: {fileID: 0}
  m_NavMeshLayer: 0
  m_StaticEditorFlags: 0
  m_IsActive: 1
--- !u!4 &492754
Transform:
  m_ObjectHideFlags: 1
  m_PrefabParentObject: {fileID: 0}
  m_PrefabInternal: {fileID: 100100000}
  m_GameObject: {fileID: 149518}
  m_LocalRotation: {x: 0, y: 0, z: 0, w: 1}
  m_LocalPosition: {x: 0, y: 0, z: 0}
  m_LocalScale: {x: 1, y: 1, z: 1}
  m_Children: []
  m_Father: {fileID: 0}
  m_RootOrder: 0
--- !u!114 &11445494
MonoBehaviour:
  m_ObjectHideFlags: 1
  m_PrefabParentObject: {fileID: 0}
  m_PrefabInternal: {fileID: 100100000}
  m_GameObject: {fileID: 149518}
  m_Enabled: 1
  m_EditorHideFlags: 0
  m_Script: {fileID: 11500000, guid: 5a9e06df7da6fcf41a7362f8202642e3, type: 3}
  m_Name: 
  m_EditorClassIdentifier: 
  columns: 10
  rows: 10
  floors:
  - {fileID: 107012, guid: 320fb120c59ac624aa9a39da9ec6e926, type: 2}
  - {fileID: 127666, guid: 221977a77e2d7794bb5b8bfe7205a8eb, type: 2}
  - {fileID: 164614, guid: 884622ce0e7a7fb479132d6a620ff670, type: 2}
  - {fileID: 194094, guid: 0bf81a90bf08a4446a6204b9615005bc, type: 2}
  - {fileID: 192654, guid: ce30bf66bb3caf546a6593e18eeacbda, type: 2}
  - {fileID: 163600, guid: 80b03bdcd88306c43bca27f76efb7a71, type: 2}
  - {fileID: 143168, guid: c8381eb7e5a6dca418901b180e5227b5, type: 2}
  - {fileID: 172012, guid: 73ae7fc429905c64c8e2e9283c36a6e2, type: 2}
  outerWalls:
  - {fileID: 116176, guid: 13a0664976217b944b4839976b7a9520, type: 2}
  - {fileID: 197294, guid: a7c7f41702101ca4d86378339ef7e1d3, type: 2}
  - {fileID: 188312, guid: 4148ecfd2cdd9ad4081c52ef5d0835e1, type: 2}
  wallObstacles:
  - {fileID: 153240, guid: f049e57cae369e845b5aa3dc9f045d23, type: 2}
  - {fileID: 159536, guid: fa07bffaec5ad394d8cc2c44467a505e, type: 2}
  - {fileID: 170980, guid: 9366e24c3e1b017489584f6d7aa5f806, type: 2}
  - {fileID: 109026, guid: 290e70184c210454d86d1776b4bc3d5a, type: 2}
  - {fileID: 179274, guid: 2f8d0a839225d3e4a9101501c3b64dc5, type: 2}
  - {fileID: 160310, guid: 396278a4efe7604458ca1788454b0289, type: 2}
  - {fileID: 174182, guid: 9ded51178d31d304bb5b65e578e26281, type: 2}
  - {fileID: 168702, guid: 1b82ec9247dbcbf408be7c17382e998d, type: 2}
  foodItems:
  - {fileID: 197412, guid: eb16a2048ac6534448b6652bd339004d, type: 2}
  - {fileID: 112066, guid: 12bcb4f04e3687740bb32b5d288c67d4, type: 2}
  enemies:
  - {fileID: 104518, guid: 51640ffda2b57574f95047d948aa70b4, type: 2}
  - {fileID: 106600, guid: bd73d0960b1eed641bad200c5d59f4c3, type: 2}
  exit: {fileID: 101372, guid: 3a82aca1f42d1de46a5a1ec415d966c9, type: 2}
--- !u!114 &11489592
MonoBehaviour:
  m_ObjectHideFlags: 1
  m_PrefabParentObject: {fileID: 0}
  m_PrefabInternal: {fileID: 100100000}
  m_GameObject: {fileID: 149518}
  m_Enabled: 1
  m_EditorHideFlags: 0
  m_Script: {fileID: 11500000, guid: 4f3598d3c2957204eb4275e50f6aee13, type: 3}
  m_Name: 
  m_EditorClassIdentifier: 
--- !u!1001 &100100000
Prefab:
  m_ObjectHideFlags: 1
  serializedVersion: 2
  m_Modification:
    m_TransformParent: {fileID: 0}
    m_Modifications:
    - target: {fileID: 0}
      propertyPath: enemies.Array.size
      value: 2
      objectReference: {fileID: 0}
    - target: {fileID: 0}
      propertyPath: m_StaticEditorFlags
      value: 0
      objectReference: {fileID: 0}
    m_RemovedComponents: []
  m_ParentPrefab: {fileID: 0}
  m_RootGameObject: {fileID: 149518}
  m_IsPrefabParent: 1
